<record><leader>00000cas a22000007a 4500</leader><controlfield tag="001">9698652</controlfield><controlfield tag="008">830713d19731986caudn n       0   a0eng d</controlfield><controlfield tag="009">256</controlfield><datafield ind1=" " ind2=" " tag="010"><subfield code="a">sc 83007573 </subfield><subfield code="z">sn 85000231 </subfield></datafield><datafield ind1=" " ind2=" " tag="040"><subfield code="a">HLS</subfield><subfield code="b">eng</subfield><subfield code="c">HLS</subfield><subfield code="d">HUL</subfield><subfield code="d">DLC</subfield><subfield code="d">NSD</subfield><subfield code="d">OCL</subfield><subfield code="d">HUL</subfield><subfield code="d">DLC</subfield><subfield code="d">NST</subfield><subfield code="d">CNK</subfield><subfield code="d">DLC</subfield><subfield code="d">OCLCQ</subfield><subfield code="d">J9U</subfield><subfield code="d">DLC</subfield><subfield code="d">OCLCF</subfield></datafield><datafield ind1="7" ind2=" " tag="016"><subfield code="a">002029639</subfield><subfield code="2">IsJJNL</subfield></datafield><datafield ind1=" " ind2=" " tag="019"><subfield code="a">11587072</subfield><subfield code="a">234077401</subfield></datafield><datafield ind1="0" ind2=" " tag="022"><subfield code="a">8750-5967</subfield><subfield code="l">8750-5967</subfield><subfield code="2">1</subfield></datafield><datafield ind1="1" ind2=" " tag="029"><subfield code="a">AU@</subfield><subfield code="b">000025712260</subfield></datafield><datafield ind1=" " ind2=" " tag="042"><subfield code="a">msc</subfield><subfield code="a">nsdp</subfield></datafield><datafield ind1=" " ind2=" " tag="043"><subfield code="a">n-us-ca</subfield></datafield><datafield ind1="0" ind2="0" tag="050"><subfield code="a">Newspaper</subfield></datafield><datafield ind1="1" ind2="0" tag="082"><subfield code="a">305</subfield><subfield code="2">11</subfield></datafield><datafield ind1="0" ind2=" " tag="130"><subfield code="a">Israel today (Encino, Calif.)</subfield></datafield><datafield ind1=" " ind2="0" tag="222"><subfield code="a">Israel today</subfield><subfield code="b">(Encino, Calif.)</subfield></datafield><datafield ind1="1" ind2="0" tag="245"><subfield code="a">Israel today.</subfield></datafield><datafield ind1=" " ind2=" " tag="250"><subfield code="a">Northern California ed.</subfield></datafield><datafield ind1=" " ind2=" " tag="260"><subfield code="a">Encino, Calif. :</subfield><subfield code="b">Phil Blazer Enterprises,</subfield><subfield code="c">1973-</subfield></datafield><datafield ind1=" " ind2=" " tag="300"><subfield code="a">v.</subfield></datafield><datafield ind1=" " ind2=" " tag="310"><subfield code="a">Daily (except Saturday and Sunday)</subfield></datafield><datafield ind1=" " ind2=" " tag="321"><subfield code="a">Biweekly,</subfield><subfield code="b">May 7, 1973-Feb. 10, 1983</subfield></datafield><datafield ind1="0" ind2=" " tag="362"><subfield code="a">Vol. 1, no. 1 (May 7, 1973)-</subfield></datafield><datafield ind1="1" ind2=" " tag="362"><subfield code="a">Ceased in Nov. 1986.</subfield></datafield><datafield ind1=" " ind2=" " tag="500"><subfield code="a">Published in Encino, Calif., May 7, 1973-&lt;Aug. 16, 1985&gt;; in Van Nuys, Calif.,&lt;Aug. 23, 1985-Nov. 1986&gt;.</subfield></datafield><datafield ind1=" " ind2=" " tag="500"><subfield code="a">Issues for May 7-&lt;Oct. 22&gt;, 1973 called: Northern California edition.</subfield></datafield><datafield ind1=" " ind2=" " tag="530"><subfield code="a">Available on microfilm from American Jewish Peridocial Center.</subfield></datafield><datafield ind1="8" ind2=" " tag="521"><subfield code="a">"America's Jewish community daily."</subfield></datafield><datafield ind1=" " ind2=" " tag="588"><subfield code="a">Latest issue consulted: Vol. 14, no. 204 (Nov. 10, 1986).</subfield></datafield><datafield ind1=" " ind2="0" tag="651"><subfield code="a">Encino (Los Angeles, Calif.)</subfield><subfield code="v">Newspapers.</subfield></datafield><datafield ind1=" " ind2="0" tag="651"><subfield code="a">Van Nuys (Los Angeles, Calif.)</subfield><subfield code="v">Newspapers.</subfield></datafield><datafield ind1=" " ind2="0" tag="651"><subfield code="a">Los Angeles County (Calif.)</subfield><subfield code="v">Newspapers.</subfield></datafield><datafield ind1=" " ind2="7" tag="655"><subfield code="a">Newspapers.</subfield><subfield code="2">fast</subfield><subfield code="0">(OCoLC)fst01423814</subfield></datafield><datafield ind1=" " ind2="7" tag="651"><subfield code="a">California</subfield><subfield code="z">Los Angeles County.</subfield><subfield code="2">fast</subfield><subfield code="0">(OCoLC)fst01205194</subfield></datafield><datafield ind1=" " ind2="7" tag="651"><subfield code="a">California</subfield><subfield code="z">Los Angeles</subfield><subfield code="z">Encino.</subfield><subfield code="2">fast</subfield><subfield code="0">(OCoLC)fst01312681</subfield></datafield><datafield ind1=" " ind2="7" tag="651"><subfield code="a">California</subfield><subfield code="z">Los Angeles</subfield><subfield code="z">Van Nuys.</subfield><subfield code="2">fast</subfield><subfield code="0">(OCoLC)fst01313788</subfield></datafield><datafield ind1=" " ind2=" " tag="752"><subfield code="a">United States</subfield><subfield code="b">California</subfield><subfield code="c">Los Angeles</subfield><subfield code="d">Van Nuys.</subfield></datafield><datafield ind1=" " ind2=" " tag="752"><subfield code="a">United States</subfield><subfield code="b">California</subfield><subfield code="c">Los Angeles</subfield><subfield code="d">Encino.</subfield></datafield><datafield ind1="0" ind2="0" tag="785"><subfield code="t">National Jewish daily</subfield><subfield code="x">0893-4320</subfield><subfield code="w">(DLC)sn 87000431</subfield><subfield code="w">(OCoLC)15522555</subfield></datafield></record>